<record><leader>00000cas a22000007a 4500</leader><controlfield tag="001">20310531</controlfield><controlfield tag="008">890907d18911907mouwr ne      0    0eng d</controlfield><datafield ind1=" " ind2=" " tag="010"><subfield code="a">sn 89066989 </subfield></datafield><datafield ind1=" " ind2=" " tag="040"><subfield code="a">MQN</subfield><subfield code="b">eng</subfield><subfield code="c">MQN</subfield><subfield code="d">OCLCQ</subfield></datafield><datafield ind1=" " ind2=" " tag="042"><subfield code="a">msc</subfield></datafield><datafield ind1=" " ind2=" " tag="043"><subfield code="a">n-us-mo</subfield></datafield><datafield ind1="0" ind2=" " tag="130"><subfield code="a">Darlington record (Darlington, Mo.)</subfield></datafield><datafield ind1="1" ind2="0" tag="245"><subfield code="a">Darlington record.</subfield></datafield><datafield ind1="3" ind2="0" tag="246"><subfield code="a">Record</subfield></datafield><datafield ind1=" " ind2=" " tag="260"><subfield code="a">Darlington, Mo. :</subfield><subfield code="b">Butler &amp; Stevens</subfield></datafield><datafield ind1=" " ind2=" " tag="300"><subfield code="a">v.</subfield></datafield><datafield ind1=" " ind2=" " tag="310"><subfield code="a">Weekly</subfield></datafield><datafield ind1="0" ind2=" " tag="362"><subfield code="a">Vol. 1, no. 1 (Jan. 29, 1891)-</subfield></datafield><datafield ind1="1" ind2=" " tag="362"><subfield code="a">Ceased in 1907?</subfield></datafield><datafield ind1=" " ind2=" " tag="500"><subfield code="a">Published as The Record, June 26, 1907.</subfield></datafield><datafield ind1=" " ind2="0" tag="651"><subfield code="a">Darlington (Mo.)</subfield><subfield code="v">Newspapers.</subfield></datafield><datafield ind1=" " ind2=" " tag="752"><subfield code="a">United States</subfield><subfield code="b">Missouri</subfield><subfield code="c">Gentry</subfield><subfield code="d">Darlington.</subfield></datafield><datafield ind1="1" ind2=" " tag="029"><subfield code="a">AU@</subfield><subfield code="b">000020620693</subfield></datafield></record>